<?xml version="1.0" encoding="UTF-8"?><record xmlns="http://www.loc.gov/MARC21/slim" xmlns:cinclude="http://apache.org/cocoon/include/1.0" xmlns:zs="http://www.loc.gov/zing/srw/">
  <leader>00451nz  a2200121n  4500</leader>
  <controlfield tag="001">n  99057203 </controlfield>
  <controlfield tag="003">DLC</controlfield>
  <controlfield tag="005">19990813155328.0</controlfield>
  <controlfield tag="008">990810n| acannaabn          |n ana |||  </controlfield>
  <datafield tag="010" ind1=" " ind2=" ">
    <subfield code="a">n  99057203 </subfield>
  </datafield>
  <datafield tag="040" ind1=" " ind2=" ">
    <subfield code="a">DLC</subfield>
    <subfield code="b">eng</subfield>
    <subfield code="c">DLC</subfield>
  </datafield>
  <datafield tag="110" ind1="2" ind2=" ">
    <subfield code="a">Frankenberger ChoĚre</subfield>
  </datafield>
  <datafield tag="670" ind1=" " ind2=" ">
    <subfield code="a">Komponisten-Portrait, p1997:</subfield>
    <subfield code="b">container (Frankenberger ChoĚre) insert (composed of members of the Frankenberger Kinderchor, the Frankenberger Jugendchor, and the Frankenberger Kammerchor)</subfield>
  </datafield>
</record>